<record>
  <leader>02063nem a2200361 a 4500</leader>
  <controlfield tag="001">991000096529702696</controlfield>
  <controlfield tag="005">20190115052224.0</controlfield>
  <controlfield tag="008">051118s1930    xx            001 0 eng u</controlfield>
  <datafield tag="035" ind1=" " ind2=" ">
    <subfield code="a">(IL-JeALB)10253-972ai_inst</subfield>
  </datafield>
  <datafield tag="035" ind1=" " ind2=" ">
    <subfield code="a">10253</subfield>
    <subfield code="9">ExL</subfield>
  </datafield>
  <datafield tag="035" ind1=" " ind2=" ">
    <subfield code="a">map00000041</subfield>
  </datafield>
  <datafield tag="110" ind1="1" ind2=" ">
    <subfield code="a">Survey of Egypt</subfield>
  </datafield>
  <datafield tag="245" ind1="1" ind2="0">
    <subfield code="a">International Map of the World [Africa] 1:1,000,000.</subfield>
    <subfield code="h">[map]</subfield>
  </datafield>
  <datafield tag="246" ind1="0" ind2="1">
    <subfield code="a">Carte internationale du monde 1:1 000 000</subfield>
  </datafield>
  <datafield tag="250" ind1=" " ind2=" ">
    <subfield code="a">Provisional edition.</subfield>
  </datafield>
  <datafield tag="255" ind1=" " ind2=" ">
    <subfield code="a">Scale 1:1,000,000.</subfield>
  </datafield>
  <datafield tag="260" ind1=" " ind2=" ">
    <subfield code="b">Survey of Egypt,</subfield>
    <subfield code="c">1930-1934;</subfield>
    <subfield code="f">Sudan Survey Dept, Khartoum,</subfield>
    <subfield code="g">1930-1932;</subfield>
    <subfield code="f">British War Office</subfield>
    <subfield code="g">1925</subfield>
  </datafield>
  <datafield tag="300" ind1=" " ind2=" ">
    <subfield code="a">1 map on 9 sheets ;</subfield>
    <subfield code="c">46 x 66 cm. or smaller, on 9 sheets 69 x 79 cm. or smaller.</subfield>
  </datafield>
  <datafield tag="500" ind1=" " ind2=" ">
    <subfield code="a">Geographical Section, General Staff, No. 2555 = GSGS series 2555.</subfield>
  </datafield>
  <datafield tag="500" ind1=" " ind2=" ">
    <subfield code="a">All sheets are stamped with Clarence Fisher's stamp on verso, apart from sheet NH-36.</subfield>
  </datafield>
  <datafield tag="500" ind1=" " ind2=" ">
    <subfield code="a">Sheets NF-36, NF-38, NG-36, NH-35, NH-36 and F-37 are backed with gauze.</subfield>
  </datafield>
  <datafield tag="505" ind1="8" ind2=" ">
    <subfield code="a">Sheets: ND-36 Khartoum -- NE-36 Dongola and Berber -- NE-37 Port Sudan -- NF-36 Wadi Halfa -- NF-38 Laila -- NG-36 Aswan -- NH-35 Alexandria -- NH-36 Cairo -- [F-37] Egypt (this sheet contains an excerpt from Sheet F-37, Mecca, which consists of a small section of Egypt).</subfield>
  </datafield>
  <datafield tag="506" ind1=" " ind2=" ">
    <subfield code="a">May require conservation work before use.</subfield>
  </datafield>
  <datafield tag="546" ind1=" " ind2=" ">
    <subfield code="a">Some of these maps are in dual language editions, French and English.</subfield>
  </datafield>
  <datafield tag="595" ind1=" " ind2=" ">
    <subfield code="a">Sheet sizes: ND-36, 75 x 59 cm.; NE-36, 76 x 60 cm.; NE-37, 72 x 66 cm.; NF-36, 79 x 67 cm.; NF-38, 74 x 66 cm.; NG-36, 77 x 69 cm.; NH-35, 69 x 66 cm.; NH-36, 79 x 67 cm.; F-37, 76 x 69 cm.</subfield>
  </datafield>
  <datafield tag="651" ind1=" " ind2="0">
    <subfield code="a">Africa</subfield>
    <subfield code="z">Egypt</subfield>
    <subfield code="v">Maps.</subfield>
  </datafield>
  <datafield tag="651" ind1=" " ind2="0">
    <subfield code="a">Africa</subfield>
    <subfield code="z">Sudan</subfield>
    <subfield code="v">Maps.</subfield>
  </datafield>
  <datafield tag="710" ind1="1" ind2=" ">
    <subfield code="a">Sudan Survey Dept, Khartoum</subfield>
  </datafield>
  <datafield tag="710" ind1="1" ind2=" ">
    <subfield code="a">British War Office</subfield>
  </datafield>
  <datafield tag="913" ind1=" " ind2=" ">
    <subfield code="1">51</subfield>
    <subfield code="2">Publisher</subfield>
    <subfield code="3">Publisher</subfield>
    <subfield code="4">Publisher</subfield>
    <subfield code="5">Uncertain</subfield>
    <subfield code="6">Full</subfield>
  </datafield>
  <datafield tag="949" ind1=" " ind2=" ">
    <subfield code="a">MAPS 33A-ND-36, -NE-36, -NE-37, -NF-36, -NF-38, -NG-36, -NH-35, -NH-36-1930, -F-37</subfield>
  </datafield>
  <datafield tag="951" ind1=" " ind2=" ">
    <subfield code="a">60 (ND-36), 54 (NE-36), 72 (NE-37), 55 (NF-36), 78 (NF-38), 71 (NG-36), 57 (NH-35), 267 (NH-36), 64 (F-37).</subfield>
  </datafield>
  <datafield tag="999" ind1=" " ind2=" ">
    <subfield code="a">MAP</subfield>
  </datafield>
</record>
